<?xml version="1.0" encoding="UTF-8"?><collection xmlns="http://www.loc.gov/MARC21/slim"><record><leader>00397nam--2200121-i-4500</leader><controlfield tag="001">000021610</controlfield><controlfield tag="002">20161230</controlfield><controlfield tag="005">20161230201034</controlfield><controlfield tag="008">060222s1000------------r-----000-0-eng-d</controlfield><datafield ind1=" " ind2=" " tag="100"><subfield code="a">Huntress, E.H.And Mulliken, S.P</subfield></datafield><datafield ind1=" " ind2=" " tag="245"><subfield code="a">Identification of pure organic compounds. tables of data on selected compounds of order i. 5-th printing</subfield></datafield><datafield ind1=" " ind2=" " tag="260"><subfield code="a">New York, John Wiley, 1957, Xvii + 691 P</subfield></datafield><datafield ind1=" " ind2=" " tag="852"><subfield code="a">13713</subfield></datafield></record></collection>